@inproceedings{Abdullah2012:PPGCAIC32SICO2012,
  Author =       {Abdullah, E. and Fujita, S.},
  Booktitle =    {P2P, Parallel, Grid, Cloud and Internet Computing (3PGCIC), 2012 Seventh International Conference on},
  Month =        {Nov},
  Pages =        {183-190},
  Title =        {Colluder Detection in Commercial P2P CDNs Using Reputation Information},
  Year =         2012
}


@inproceedings{Artigas2005:PC2P2FIICO2005,
  Author =       {Artigas, M.S. and Lopez, P.G. and Ahullo, J.P. and Gomez Skarmeta, A.F.},
  Booktitle =    {Peer-to-Peer Computing, 2005. P2P 2005. Fifth IEEE International Conference on},
  Month =        {Aug},
  Pages =        {49-56},
  Title =        {Cyclone: a novel design schema for hierarchical DHTs},
  Year =         2005
}


@inproceedings{Baccelli2013:2PII2013,
  Author =	 {Baccelli, F. and Mathieu, F. and Norros, I. and
                  Varloot, R.},
  Booktitle =	 {2013 Proceedings IEEE INFOCOM},
  Month =	 {April},
  Pages =	 {1753-1761},
  Title =	 {Can {P2P} networks be super-scalable?},
  Year =	 2013
}


@inproceedings{Boukhadra2013:PPGCAIC32EICO2013,
  Author =       {Boukhadra, A. and Benatchba, K. and Balla, A.},
  Booktitle =    {P2P, Parallel, Grid, Cloud and Internet Computing (3PGCIC), 2013 Eighth International Conference on},
  Month =        {Oct},
  Pages =        {29-36},
  Title =        {HPS5DSWS: A Hybrid P2P Strategy of the Distributed Discovery Mechanism for Semantic Web Services},
  Year =         2013
}

@inproceedings{Buchegger2009:2009,
  Author =	 {Buchegger, S. and Datta, A.},
  Booktitle =	 {Wireless On-Demand Network Systems and Services,
                  2009. WONS 2009. Sixth International Conference on},
  Month =	 {Feb},
  Pages =	 {161-168},
  Title =	 {A case for P2P infrastructure for social networks -
                  opportunities #x00026; challenges},
  Year =	 2009
}

@inproceedings{Cha2010:2010,
  Author =       {Cha, ByungRae and Kim, JongWon},
  Booktitle =    {P2P, Parallel, Grid, Cloud and Internet Computing (3PGCIC), 2010 International Conference on},
  Month =        nov.,
  Pages =        {258 -263},
  Title =        {Handling Fake Multimedia Contents Threat with Collective Intelligence in P2P File Sharing Environments},
  Year =         2010
}

@inproceedings{Chawathe2003:2003,
  Address =      {New York, NY, USA},
  Author =       {Chawathe, Yatin and Ratnasamy, Sylvia and Breslau, Lee and Lanham, Nick and Shenker, Scott},
  Booktitle =    {Proceedings of the 2003 conference on Applications, technologies, architectures, and protocols for computer communications},
  Pages =        {407--418},
  Publisher =    {ACM},
  Series =       {SIGCOMM '03},
  Title =        {Making Gnutella-like P2P systems scalable},
  Year =         2003
}

@article{Christensen2006:EDMAWL2006,
  Author =       {Christensen, B.G.},
  Journal =      {Proceedings of the Sixth IEEE International Conference on Peer-to-Peer Computing},
  Pages =        {229--230},
  Title =        {Experiences Developing Mobile P2P Applications with LightPeers},
  Year =         2006
}

@article{Christensen2008:ECLOMWL2008,
  Author =       {Christensen, Bent Guldbjerg and Kristensen, Mads Dar{\o} and Hansen, Frank Allan and Bouvin, Niels Olof},
  Journal =      {Journal of Networks},
  Month =        {February},
  Number =       2,
  Pages =        {64--71},
  Title =        {Enabling Co-located Learning over Mobile Ad Hoc P2P with LightPeers},
  Volume =       3,
  Year =         2008
}

@article{Christensen:2008yq,
  Author =       {Christensen, Bent Guldbjerg and Kristensen, Mads Dar{\o} and Hansen, Frank Allan and Bouvin, Niels Olof},
  Journal =      {Journal of Networks (JNW)},
  Month =        {February},
  Number =       2,
  Pages =        {64--71},
  Title =        {Enabling Co-located Learning over Mobile Ad Hoc P2P with LightPeers},
  Volume =       3,
  Year =         2008
}

@article{DAcunto2013:CN2013,
  Author =       {D'Acunto, Lucia and Chiluka, Nitin and Vink{\'o}, Tam{\'a}s and Sips, Henk},
  Journal =      {Computer Networks},
  Number =       5,
  Pages =        {1253 - 1276},
  Title =        {{BitTorrent}-like {P2P} approaches for {VoD}: A comparative study},
  Volume =       57,
  Year =         2013
}

@book{Downey2011:TSPASFP2011,
  Author =       {Downey, Allen B.},
  Edition =      {Available under CC at
                  \url{http://greenteapress.com/thinkstats/}},
  Publisher =    {O'Reilly Media.},
  Title =        {Think Stats: Probability and Statistics for
                  Programmers},
  Year =         2011
}

@inproceedings{Forestiero2009:CCATG2C09IISO2009,
  Author =       {Forestiero, A. and Mastroianni, C. and Meo, M.},
  Booktitle =    {Cluster Computing and the Grid, 2009. CCGRID '09. 9th IEEE/ACM International Symposium on},
  Month =        {May},
  Pages =        {44-51},
  Title =        {Self-Chord: A Bio-inspired Algorithm for Structured P2P Systems},
  Year =         2009
}

@inproceedings{Gaver2012:POTSCOHFICS2012,
  Address =	 {New York, NY, USA},
  Author =	 {Gaver, William},
  Booktitle =	 {Proceedings of the SIGCHI Conference on Human
                  Factors in Computing Systems},
  Pages =	 {937--946},
  Publisher =	 {ACM},
  Series =	 {CHI '12},
  Title =	 {What Should We Expect from Research Through Design?},
  Year =	 2012
}

@article{Ham2005:PCIICO2005,
  Author =       {Ham, MyungJoo and Agha, Gul},
  Journal =      {Peer-to-Peer Computing, IEEE International Conference on},
  Pages =        {125-132},
  Title =        {{ARA}: A Robust Audit to Prevent Free-Riding in P2P Networks},
  Volume =       0,
  Year =         2005
}

@article{Isdal2010:SCCR2010,
  Author =       {Isdal, T. and Piatek, M. and Krishnamurthy, A. and Anderson, T.},
  Journal =      {ACM SIGCOMM Computer Communication Review},
  Number =       4,
  Pages =        {111--122},
  Title =        {Privacy-preserving P2P data sharing with OneSwarm},
  Volume =       40,
  Year =         2010
}


@article{Izal2004:DBFMTL2004,
  Author =       {Izal, M. and Urvoy-Keller, G. and Biersack, E.W. and Felber, P. and Hamra, AA and Garces-Erice, L.},
  Journal =      {Passive and Active Measurements},
  Title =        {Dissecting BitTorrent: Five Months in a Torrent's Lifetime},
  Volume =       2004,
  Year =         2004
}

@inproceedings{James2013:PCP2ITICO2013,
  Author =       {James, S. and Crowley, P.},
  Booktitle =    {Peer-to-Peer Computing (P2P), 2013 IEEE Thirteenth International Conference on},
  Month =        {Sept},
  Pages =        {1-10},
  Title =        {Experimental analyses of data distribution on data center networks},
  Year =         2013
}

@article{Konrath2007:ASWBLEIAB2007,
  Author =       {Konrath, M.A. and Barcellos, M.P. and Mansilha, R.B.},
  Journal =      {Proceedings of the Seventh IEEE International Conference on Peer-to-Peer Computing (P2P 2007)-Volume 00},
  Pages =        {37--44},
  Title =        {Attacking a Swarm with a Band of Liars: evaluating the impact of attacks on BitTorrent},
  Year =         2007
}

@inproceedings{Kristensen2010:MP2P2010,
  Address =      {Mannheim, Germany},
  Author =       {Kristensen, Mads Dar{\o} and Bouvin, Niels Olof},
  Booktitle =    {Proceedings of the 6th International Workshop on Mobile Peer-to-Peer Computing (MP2P 2010)},
  Editor =       {Chih-Lin Hu, Ying Cai and Leong, Hong Va},
  Organization = {IEEE},
  Title =        {Using Wi-Fi to Save Energy via P2P Remote Execution},
  Year =         2010
}

@book{Lamport1994:LADPSUGARM1994,
  Author =	 {Lamport, Leslie},
  Publisher =	 {Addison-Wesley},
  Title =	 {\LaTeX: A Document Preparation System: User's Guide
                  And Reference Manual},
  Year =	 1994
}

@inproceedings{Larsen2004:HSRN2004,
  Address =      {New York, NY, USA},
  Author =       {Larsen, Rene Dalsgaard and Bouvin, Niels Olof},
  Crossref =     {ht2004},
  Pages =        {268--269},
  Title =        {HyperPeer: searching for resemblance in a P2P network}
}

@book{Mittelbach2004:TLC2004,
  Author =	 {Mittelbach, Frank and Goossens, Michel and Braams,
                  Johannes and Carlisle, David and Rowley, Chris},
  Publisher =	 {Addison-Wesley},
  Title =	 {The \LaTeX\ Companion},
  Year =	 2004
}

@inproceedings{Oulasvirta2016:POT2CCOHFICS2016,
  Address =	 {New York, NY, USA},
  Author =	 {Oulasvirta, Antti and Hornb{\ae}k, Kasper},
  Booktitle =	 {Proceedings of the 2016 CHI Conference on Human
                  Factors in Computing Systems},
  Pages =	 {4956--4967},
  Publisher =	 {ACM},
  Series =	 {CHI '16},
  Title =	 {{HCI} Research As Problem-Solving},
  Year =	 2016
}

@inproceedings{Reddy2009:2009,
  Author =       {Reddy, C. and Leonard, D. and Loguinov, D.},
  Booktitle =    {Peer-to-Peer Computing, 2009. P2P '09. IEEE Ninth International Conference on},
  Month =        {9-11},
  Pages =        {41 -50},
  Title =        {Optimizing capacity-heterogeneous unstructured P2P networks for random-walk traffic},
  Year =         2009
}

@inproceedings{Roverso2013:PCP2ITICO2013,
  Author =       {Roverso, R. and Dowling, J. and Jelasity, M.},
  Booktitle =    {Peer-to-Peer Computing (P2P), 2013 IEEE Thirteenth International Conference on},
  Month =        {Sept},
  Pages =        {1-10},
  Title =        {Through the wormhole: Low cost, fresh peer sampling for the Internet},
  Year =         2013
}

@inproceedings{Scholl2007:2007,
  Author =       {Scholl, Tobias and Bauer, Bernhard and Gufler, Benjamin and Kuntschke, Richard and Weber, Daniel and Reiser, Angelika and Kemper, Alfons},
  Booktitle =    {Proceedings of the 33rd international conference on Very large data bases},
  Pages =        {1394--1397},
  Publisher =    {VLDB Endowment},
  Series =       {VLDB '07},
  Title =        {HiSbase: histogram-based P2P main memory data management},
  Year =         2007
}

@inproceedings{Spaho2012:PPGCAIC32SICO2012,
  Author =       {Spaho, E. and Kulla, E. and Xhafa, F. and Barolli, L.},
  Booktitle =    {P2P, Parallel, Grid, Cloud and Internet Computing (3PGCIC), 2012 Seventh International Conference on},
  Month =        {Nov},
  Pages =        {379-383},
  Title =        {P2P Solutions to Efficient Mobile Peer Collaboration in MANETs},
  Year =         2012
}

@mastersthesis{Stephansen2017:2017,
  Author =	 {Stephansen, Emil and Flye, Kasper Lodahl},
  School =	 {Department of Computer Science, Aarhus University},
  Title =	 {{Guardian Tree}: A Single Tree-Based {P2P} Live
                  Streaming System with Good Protection Against Churn
                  from Guardian Connections and Low Source-to-End
                  Delay},
  Year =	 2017
}

@inproceedings{Tang2010:2010,
  Author =       {Tang, Bing and Moca, Mircea and Chevalier, Stephane and He, Haiwu and Fedak, Gilles},
  Booktitle =    {P2P, Parallel, Grid, Cloud and Internet Computing (3PGCIC), 2010 International Conference on},
  Month =        nov.,
  Pages =        {193 -200},
  Title =        {Towards MapReduce for Desktop Grid Computing},
  Year =         2010
}

@inproceedings{Thum2010:2010,
  Author =       {Thum, Christian and Schwind, Michael},
  Booktitle =    {P2P, Parallel, Grid, Cloud and Internet Computing (3PGCIC), 2010 International Conference on},
  Month =        nov.,
  Pages =        {215 -221},
  Title =        {Synchronite - A Service for Real-Time Lightweight Collaboration},
  Year =         2010
}

@inproceedings{Tsoumakos2003:2003,
  Author =       {Tsoumakos, D. and Roussopoulos, N.},
  Booktitle =    {Peer-to-Peer Computing, 2003. (P2P 2003). Proceedings. Third International Conference on},
  Month =        sept.,
  Pages =        {102 - 109},
  Title =        {Adaptive probabilistic search for peer-to-peer networks},
  Year =         2003
}

@inproceedings{Walkerdine:2002,
  Address =      {Washington, DC, USA},
  Author =       {Walkerdine, James and Melville, Lee and Sommerville, Ian},
  Booktitle =    {P2P '02: Proceedings of the Second International Conference on Peer-to-Peer Computing},
  Pages =        173,
  Publisher =    {IEEE Computer Society},
  Title =        {Dependability Properties of P2P Architectures},
  Year =         2002
}

@article{Wong:AMPOWC,
  Author =       {Wong, B. and Slivkins, A. and Sirer, E.G.},
  Title =        {Approximate Matching for Peer-to-Peer Overlays with Cubit}
}

@article{Wu2011:PDSIT2011,
  Author =       {Wu, Shiow-yang and He, Cheng-en},
  Journal =      {Parallel and Distributed Systems, IEEE Transactions on},
  Month =        {march},
  Number =       3,
  Pages =        {439 -450},
  Title =        {QoS-Aware Dynamic Adaptation for Cooperative Media Streaming in Mobile Environments},
  Volume =       22,
  Year =         2011
}

@inproceedings{Xhafa2012:PPGCAIC32SICO2012,
  Author =       {Xhafa, F. and Kolici, V. and Potlog, A.-D. and Spaho, E. and Barolli, L. and Takizawa, M.},
  Booktitle =    {P2P, Parallel, Grid, Cloud and Internet Computing (3PGCIC), 2012 Seventh International Conference on},
  Month =        {Nov},
  Pages =        {49-57},
  Title =        {Data Replication in P2P Collaborative Systems},
  Year =         2012
}

@inproceedings{Yoshida2012:PPGCAIC32SICO2012,
  Author =       {Yoshida, M. and Nakao, A.},
  Booktitle =    {P2P, Parallel, Grid, Cloud and Internet Computing (3PGCIC), 2012 Seventh International Conference on},
  Month =        {Nov},
  Pages =        {41-48},
  Title =        {BPEX: Localizing BitTorrent Traffic via Biased Peer Exchange},
  Year =         2012
}

@conference{Takeshita2008:2008,
	Author = {Takeshita, K. and Sasabe, M. and Nakano, H.},
	Booktitle = {Pervasive Computing and Communications, 2008. PerCom 2008. Sixth Annual IEEE International Conference on},
	Pages = {453--457},
	Title = {Mobile p2p networks for highly dynamic environments},
	Year = {2008}}

@inproceedings{Zhai2009:PC2P0INICO2009,
  Author =       {Zhai, Ennan and Chen, Ruichuan and Cai, Zhuhua and Zhang, Long and Lua, Eng Keong and Sun, Huiping and Qing, Sihan and Tang, Liyong and Chen, Zhong},
  Month =        {sep.},
  Pages =        {11 -20},
  Title =        {Sorcery: Could we make P2P content sharing systems robust to deceivers?},
  Year =         2009
}

@inproceedings{Zimmerman2007:POTSCOHFICS2007,
  Address =	 {New York, NY, USA},
  Author =	 {Zimmerman, John and Forlizzi, Jodi and Evenson,
                  Shelley},
  Booktitle =	 {Proceedings of the SIGCHI Conference on Human
                  Factors in Computing Systems},
  Pages =	 {493--502},
  Publisher =	 {ACM},
  Series =	 {CHI '07},
  Title =	 {Research Through Design As a Method for Interaction
                  Design Research in HCI},
  Year =	 2007
}

@BOOK{bentley:1999,
  title =        {{P}rogramming {P}earls},
  publisher =    {Addison--Wesley},
  year =         1999,
  author =       {Jon Bentley},
  address =      {Boston, MA, USA},
  edition =      {2nd}
}

@BOOK{bringhurst:2002,
  title =        {{T}he {E}lements of {T}ypographic {S}tyle},
  publisher =    {Hartley \& Marks Publishers},
  year =         2013,
  author =       {Robert Bringhurst},
  series =       {Version 4.0: 20th Anniversary Edition},
  address =      {Point Roberts, WA, USA}
}

@BOOK{cormen:2001,
  title =        {{I}ntroduction to {A}lgorithms},
  publisher =    {The MIT Press},
  year =         2009,
  author =       {Cormen, Thomas H. and Leiserson, Charles E. and Rivest, Ronald L.  and Clifford Stein},
  address =      {Cambridge, MA, USA},
  edition =      {3rd}
}

@BOOK{dueck:trio,
  title =        {{D}ueck's {T}rilogie: {O}mnisophie -- {S}upramanie -- {T}opothesie},
  publisher =    {Springer, Berlin, Germany},
  year =         2005,
  author =       {Gunter Dueck},
  note =         {\url{http://www.omnisophie.com}}
}

@inproceedings{gnutella,
  Address =      {Washington, DC, USA},
  Author =       {Ripeanu, M.},
  Booktitle =    {P2P '01: Proceedings of the First International Conference on Peer-to-Peer Computing (P2P'01)},
  Pages =        99,
  Publisher =    {IEEE Computer Society},
  Title =        {Peer-to-Peer Architecture Case Study: Gnutella Network},
  Year =         2001
}

@ARTICLE{knuth:1974,
  author =       {Knuth, Donald E.},
  title =        {{C}omputer {P}rogramming as an {A}rt},
  journal =      {Communications of the ACM},
  year =         1974,
  volume =       17,
  pages =        {667--673},
  number =       12,
  address =      {New York, NY, USA},
  publisher =    {ACM Press}
}

@ARTICLE{knuth:1976,
  author =       {Knuth, Donald E.},
  title =        {{B}ig {O}micron and {B}ig {O}mega and {B}ig {T}heta},
  journal =      {SIGACT News},
  year =         1976,
  volume =       8,
  pages =        {18--24},
  number =       2,
  address =      {New York, NY, USA},
  publisher =    {ACM Press}
}

@inproceedings{mp2p06_hiromitsu,
  Address =      {Washington, DC, USA},
  Author =       {SUMINO, Hiromitsu and ISHIKAWA, Norihiro and KATO, Takeshi},
  Booktitle =    {PERCOMW '06: Proceedings of the Fourth Annual IEEE International Conference on Pervasive Computing and Communications Workshops},
  Pages =        157,
  Publisher =    {IEEE Computer Society},
  Title =        {Design and implementation of P2P protocol for mobile phones},
  Year =         2006
}

@inproceedings{nejdl2002:www11,
  Author =       {Nejdl, Wolfgang and Wolf, Boris and Qu, Changtao and Decker, Stefan and Sintek, Michael and Naeve, Ambj{\"{o}}rn and Nilsson, Mikael and Palmer, Matthias and Risch, Tore},
  Crossref =     {www11},
  Title =        {EDUTELLA: A {P2P} Networking Infrastructure Based on {RDF}}
}

@article{p2p_categories,
  Author =       {Androutsellis-Theotokis, Stephanos and Spinellis, Diomidis},
  Journal =      {ACM Comput. Surv.},
  Number =       4,
  Pages =        {335--371},
  Title =        {A survey of peer-to-peer content distribution technologies},
  Volume =       36,
  Year =         2004
}

@inproceedings{p2p_gen,
  Address =      {New York, NY, USA},
  Author =       {Harjula, Erkki and Ylianttila, Mika and Ala-Kurikka, Jussi and Riekki, Jukka and Sauvola, Jaakko},
  Booktitle =    {MUM '04: Proceedings of the 3rd international conference on Mobile and ubiquitous multimedia},
  Pages =        {63--69},
  Publisher =    {ACM Press},
  Title =        {Plug-and-play application platform: towards mobile peer-to-peer},
  Year =         2004
}

@inproceedings{p2p_scaling,
  Address =      {Washington, DC, USA},
  Author =       {Kwok, Sai Ho and Lui, S. M. and Cheung, Ricky and Chan, Sally and Yang, Christopher C.},
  Booktitle =    {ITCC '03: Proceedings of the International Conference on Information Technology: Computers and Communications},
  Pages =        130,
  Publisher =    {IEEE Computer Society},
  Title =        {Searching Behavior in Peer-to-Peer Communities},
  Year =         2003
}

@inproceedings{proem2001,
  Address =      {Washington, DC, USA},
  Author =       {Kortuem, Gerd and Schneider, Jay and Preuitt, Dustin and Thompson, Thaddeus G. C. and Fickas, Stephen and Segall, Zary},
  Booktitle =    {P2P '01: Proceedings of the First International Conference on Peer-to-Peer Computing (P2P'01)},
  Pages =        75,
  Publisher =    {IEEE Computer Society},
  Title =        {When Peer-to-Peer comes Face-to-Face: Collaborative Peer-to-Peer Computing in Mobile Ad hoc Networks},
  Year =         2001
}

@BOOK{sommerville:1992,
  title =        {{S}oftware {E}ngineering},
  publisher =    {Addison-Wesley},
  year =         2015,
  author =       {Ian Sommerville},
  address =      {Boston, MA, USA},
  edition =      {10th}
}

@BOOK{taleb:2012,
  title =        {{A}ntifragile: {T}hings {T}hat {G}ain from {D}isorder ({I}ncerto {B}ook 3)},
  publisher =    {Random House},
  year =         2012,
  author =       {Nassim Nicholas Taleb},
  address =      {New York, NY, USA}
}

@inproceedings{zhou2001:semp2p1,
  Author =       {Zhou, Jing and Dialani, Viljay and Roure, David De and Hall, Wendy},
  Booktitle =    {Proceedings of $1^{st}$ Workshop on Semantics in Peer-to-Peer and Grid Computing},
  Month =        may,
  Pages =        {43--54},
  Title =        {A Semantic Search Algorithm for Peer-to-Peer Open Hypermedia Systems},
  Year =         2001
}
